@techreport{tian2025defi,
  author      = {Tian, Peng and Zhu, Yiran},
  title       = {Liquidation Mechanisms and Price Impacts in DeFi},
  institution = {Bank of Canada},
  year        = {2025},
  number      = {Staff Working Paper 2025-12},
  url         = {https://www.bankofcanada.ca/2025/03/staff-working-paper-2025-12/}
}

@techreport{rivadeneyra2020liquidity,
  author      = {Rivadeneyra, Francisco and Zhang, Nellie},
  title       = {Liquidity Usage and Payment Delay Estimates of the New Canadian High Value Payments System},
  institution = {Bank of Canada},
  year        = {2020},
  number      = {Discussion Paper 2020-9},
  url         = {https://www.bankofcanada.ca/2020/09/staff-discussion-paper-2020-9/}
}

@article{almgren2000optimal,
  author  = {Almgren, Robert and Chriss, Neil},
  title   = {Optimal Execution of Portfolio Transactions},
  journal = {The Journal of Risk},
  volume  = {3},
  number  = {2},
  pages   = {5--39},
  year    = {2000},
  url     = {https://www.smallake.kr/wp-content/uploads/2016/03/optliq.pdf}
}

@misc{zhang2023adaptive,
  author        = {Zhang, Haoran and Chen, Xiang and Yang, Li Feng},
  title         = {Adaptive Liquidity Provision in Uniswap V3 with Deep Reinforcement Learning},
  year          = {2023},
  eprint        = {2309.10129},
  archivePrefix = {arXiv},
  primaryClass  = {q-fin.TR},
  url           = {https://arxiv.org/abs/2309.10129}
}

@article{battiston2016debtrank,
  title={DebtRank: Too Central to Fail? Financial Networks},
  author={Battiston, Stefano and Puliga, Michelangelo},
  journal={Nature Communications},
  volume={7},
  pages={11223},
  year={2016},
  doi={10.1038/ncomms11223}
}

@article{zhao2025reliability,
  author  = {Zhao, Yifan and Cai, Baogui and Cozzani, Valerio and Liu, Yun},
  title   = {Failure Dependence and Cascading Failures: A Literature Review and Investigation on Research Opportunities},
  journal = {Reliability Engineering \& System Safety},
  volume  = {256},
  pages   = {110328},
  year    = {2025},
  issn    = {0951-8320},
  doi     = {10.1016/j.ress.2024.110766},
  url     = {https://www.sciencedirect.com/science/article/pii/S0951832024008378}
}

@misc{aave-liquidation-docs,
  author       = {{Aave Protocol Documentation}},
  title        = {Liquidations},
  year         = {2025},
  note         = {Official Aave developer documentation, accessed 7 Jun 2025},
  url          = {https://aave.com/docs/developers/liquidations}
}

@misc{compound-liquidation-docs,
  author       = {{Compound Protocol Documentation}},
  title        = {Liquidation},
  year         = {2025},
  note         = {Official Compound developer documentation, accessed 7 Jun 2025},
  url          = {https://docs.compound.finance/liquidation}
}

@misc{makerdao-auctions-docs,
  author       = {{MakerDAO Documentation}},
  title        = {The Collateral Auction (\textit{tend–dent}) Mechanism},
  year         = {2025},
  note         = {Technical documentation, accessed 7 Jun 2025},
  url          = {https://docs.makerdao.com/keepers/the-auctions-of-the-maker-protocol}
}

@misc{llamarisk2025svrreview,
  author       = {LlamaRisk},
  title        = {LlamaRisk Review: Chainlink SVR Integration Risk Framework},
  year         = {2025},
  month        = {March},
  note         = {Independent risk analysis posted in Aave Governance Forum},
  url          = {https://governance.aave.com/t/arfc-aave-chainlink-svr-v1-phase-1-activation/21247}
}


@misc{chainlink2025svr,
  author       = {{Chainlink}},
  title        = {Chainlink SVR Analysis: How DeFi Protocols Can Obtain Efficient, Risk-Adjusted Recapture of Liquidation MEV},
  year         = {2025},
  month        = {January},
  note         = {Published on Chainlink blog},
  url          = {https://blog.chain.link/chainlink-svr-analysis}
}

@misc{stableunit2025spec,
  author       = {{StableUnit DAO}},
  title        = {StableUnit Liquidation Specification v1.1},
  year         = {2025},
  note         = {Technical memorandum, accessed 7 Jun 2025},
  url          = {https://stableunit.gitbook.io/documentation/architecture/technical-deep-dive/liquidations}
}
@misc{uniswap-v3-quoter-docs,
  author       = {{Uniswap Protocol Documentation}},
  title        = {IQuoter / Quoter – Uniswap V3 periphery reference},
  year         = {2025},
  note         = {Official Uniswap documentation, accessed 9 June 2025},
  url          = {https://docs.uniswap.org/contracts/v3/reference/periphery/interfaces/IQuoter},
}
@misc{aave2025_parameters,
  author       = {{Aave Protocol}},
  title        = {Aave Protocol Parameter Dashboard},
  year         = {2025},
  note         = {Live dashboard of collateral risk parameters (LTV, liquidation thresholds, bonuses, etc.)},
  url          = {https://aave.com/docs/resources/parameters}
}

@article{myerson1981optimal,
  author  = {Myerson, Roger B.},
  title   = {Optimal Auction Design},
  journal = {Mathematics of Operations Research},
  volume  = {6},
  number  = {1},
  pages   = {58--73},
  year    = {1981},
  doi     = {10.1287/moor.6.1.58}
}

@incollection{myerson1994bayesian,
  author    = {Myerson, Roger B.},
  title     = {Bayesian Equilibrium and Incentive Compatibility},
  booktitle = {Social Goals and Social Organization: Essays in Memory of Elisha Pazner},
  editor    = {Hurwicz, Leonid and Schmeidler, David and Sonnenschein, Hugo},
  publisher = {Cambridge University Press},
  year      = {1994},
  pages     = {229--259}
}

@article{adamyk2025risk,
  author  = {Adamyk, Bogdan and Benson, Vladlena and Adamyk, Oksana and Liashenko, Oksana},
  title   = {Risk Management in DeFi: Analyses of the Innovative Tools and Platforms for Tracking DeFi Transactions},
  journal = {Journal of Risk and Financial Management},
  volume  = {18},
  number  = {1},
  pages   = {38},
  year    = {2025},
  doi     = {10.3390/jrfm18010038}
}

@online{columbia2025project,
  author       = {John C. Coffee Jr. and Joel Seligman},
  title        = {About Face: How Much of Current SEC Policy Will the Trump Administration Reverse?},
  year         = {2024},
  note         = {Columbia Law School's Blue Sky Blog},
  
}

@article{meroni2017games,
  author       = {Claudia Meroni and Carlos Pimienta},
  title        = {The Structure of Nash Equilibria in Poisson Games},
  journal      = {Journal of Economic Theory},
  volume       = {169},
  pages        = {128--144},
  year         = {2017},
  doi          = {10.1016/j.jet.2017.02.003},
  url          = {https://www.sciencedirect.com/science/article/pii/S0022053117300200},
  issn         = {0022-0531}
}

@article{andersen2003realized,
  author  = {Torben G. Andersen and Tim Bollerslev and Francis X. Diebold and Paul Labys},
  title   = {Modeling and Forecasting Realized Volatility},
  journal = {Econometrica},
  volume  = {71},
  number  = {2},
  pages   = {579--625},
  year    = {2003},
  month   = mar,
  publisher = {Econometric Society},
  doi     = {10.1111/1468-0262.00418},
  url     = {https://ideas.repec.org/a/ecm/emetrp/v71y2003i2p579-625.html}
}
@article{brunnermeier2009market,
  title={Market Liquidity and Funding Liquidity},
  author={Brunnermeier, Markus K and Pedersen, Lasse H},
  journal={Review of Financial Studies},
  volume={22},
  number={6},
  pages={2201--2238},
  year={2009},
  doi={10.1093/rfs/hhn098}
}

@inproceedings{eskandari2021sok,
  title     = {SoK: Oracles from the Ground Truth to Market Manipulation},
  author    = {Shayan Eskandari and Mehdi Salehi and Wanyun Catherine Gu and Jeremy Clark},
  booktitle = {Proceedings of the 3rd ACM Conference on Advances in Financial Technologies},
  year      = {2021},
  pages     = {127--141},
  publisher = {Association for Computing Machinery},
  address   = {New York, NY, USA},
  doi       = {10.1145/3479722.3480994},
  url       = {https://doi.org/10.1145/3479722.3480994}
}
@inproceedings{deng2024safeguarding,
  author    = {Xun Deng and Sidi Mohamed Beillahi and Cyrus Minwalla and Han Du and Andreas Veneris and Fan Long},
  title     = {Safeguarding DeFi Smart Contracts Against Oracle Deviations},
  booktitle = {Proceedings of the 2024 IEEE/ACM 46th International Conference on Software Engineering (ICSE)},
  year      = {2024},
  publisher = {IEEE},
  doi       = {10.1145/3597503.3639225},
  url       = {https://ieeexplore.ieee.org/document/10548838}
}
@techreport{williams2023arweave,
  author       = {Sam Williams and Abhav Kedia and Lev Berman and Sebastian Campos-Groth},
  title        = {Arweave: Permanent Information Storage Protocol},
  institution  = {Arweave Foundation},
  type         = {Technical Report},
  year         = {2023},
  url          = {https://www.arweave.org/files/arweave-lightpaper.pdf}
}

@misc{benet2014ipfs,
  author       = {Juan Benet},
  title        = {IPFS – Content Addressed, Versioned, P2P File System},
  year         = {2014},
  howpublished = {ArXiv preprint},
  url          = {https://arxiv.org/abs/1407.3561}
}

@article{vickrey1961counterspeculation,
  author  = {Vickrey, William},
  title   = {Counterspeculation, Auctions, and Competitive Sealed Tenders},
  journal = {The Journal of Finance},
  volume  = {16},
  number  = {1},
  pages   = {8--37},
  year    = {1961},
  doi     = {10.1111/j.1540-6261.1961.tb02789.x},
  url     = {https://onlinelibrary.wiley.com/doi/abs/10.1111/j.1540-6261.1961.tb02789.x}
}
@misc{kirillov2022stablesims,
      title={StableSims: Optimizing MakerDAO Liquidations 2.0 Incentives via Agent-Based Modeling}, 
      author={Andrew Kirillov and Sehyun Chung},
      year={2022},
      eprint={2201.03519},
      url={https://arxiv.org/abs/2201.03519}, 
}

@techreport{bcbs_baselIII_2017,
  author       = {{Basel Committee on Banking Supervision}},
  title        = {Basel III: Finalising post-crisis reforms},
  institution  = {Bank for International Settlements},
  type         = {Report},
  number       = {BCBS\#424},
  month        = dec,
  year         = {2017},
  note         = {Published 7 December 2017},
  url          = {https://www.bis.org/bcbs/publ/d424.htm}
}

@techreport{bcbs_marketrisk_2019,
  author       = {{Basel Committee on Banking Supervision}},
  title        = {Minimum capital requirements for market risk},
  institution  = {Bank for International Settlements},
  number       = {BCBS No. 457},
  type         = {Standards},
  month        = jan,
  year         = {2019},
  note         = {Consolidated and effective 1 Jan 2022},
  url          = {https://www.bis.org/bcbs/publ/d457.htm}
}

@article{danielsson2006time, 
  author    = {J{\'o}n Dan{\'\i}elsson and Jean-Pierre Zigrand},
  title   = {On Time-Scaling of Risk and the Square-Root-of-Time Rule},
  journal = {Journal of Banking \& Finance},
  volume  = {30},
  number  = {10},
  pages   = {2701--2713},
  year    = {2006},
  issn    = {0378-4266},
  doi     = {10.1016/j.jbankfin.2005.10.002},
  url     = {https://www.sciencedirect.com/science/article/pii/S0378426606000070}
}
@article{merton1976option,
  author       = {Merton, Robert C.},
  title        = {Option Pricing When Underlying Stock Returns Are Discontinuous},
  journal      = {Journal of Financial Economics},
  volume       = {3},
  number       = {1–2},
  pages        = {125--144},
  year         = {1976},
  doi          = {10.1016/0304-405X(76)90022-2},
  url          = {https://doi.org/10.1016/0304-405X(76)90022-2}
}


@article{kou2002jump,
  author       = {Kou, Steven G.},
  title        = {A Jump-Diffusion Model for Option Pricing},
  journal      = {Management Science},
  volume       = {48},
  number       = {8},
  pages        = {1086--1101},
  year         = {2002},
  doi          = {10.1287/mnsc.48.8.1086.166},
  url          = {https://doi.org/10.1287/mnsc.48.8.1086.166},
  howpublished = {\url{https://www.columbia.edu/~sk75/MagSci02.pdf}}
}

@inproceedings{qin2021empirical,
  author       = {Kaihua Qin and Liyi Zhou and Pablo Gamito and Philipp Jovanovic and Arthur Gervais},
  title        = {An Empirical Study of DeFi Liquidations: Incentives, Risks, and Instabilities},
  booktitle    = {Proceedings of the 21st ACM Internet Measurement Conference (IMC '21)},
  year         = {2021},
  pages        = {336--350},
  publisher    = {ACM},
  address      = {New York, NY, USA},
  doi          = {10.1145/3487552.3487811},
  url          = {https://doi.org/10.1145/3487552.3487811},
  isbn         = {978-1-4503-9129-0/21/11},
}

